%% inria-00435247, version 1
%% http://hal.archives-ouvertes.fr/inria-00435247/en/
@inproceedings{ossc09,
        title = { {S}im{S}o{C}: {A} full system simulation software for embedded systems},
        author = {{H}elmstetter, {C}laude and {J}oloboff, {V}ania and {X}iao, {H}ui},
        keywords = {architecture, simulation, transaction level modeling, instruction set simulator, {TLM}, {ISS}, full system simulation, virtual prototyping, processor, embedded systems, system-on-chip, {S}o{C}},
        language = {{A}nglais},
        booktitle = {{OSSC}'09},
        OPTaddress = {{G}uiyang {C}hine },
        editor = {{IEEE}},
        audience = {internationale },
    OPTday = {20},
    OPTmonth = {09},
    year = {2009},
    OPTURL = {http://hal.archives-ouvertes.fr/inria-00435247/en/}
}

@article{Leroy-Compcert-CACM,
  author = {Xavier Leroy},
  title = {Formal verification of a realistic compiler},
  journal = {Communications of the ACM},
  year = 2009,
  volume = 52,
  number = 7,
  pages = {107--115},
  xtopic = {compcert},
  urllocal = {http://gallium.inria.fr/~xleroy/publi/compcert-CACM.pdf},
  urlpublisher = {http://doi.acm.org/10.1145/1538788.1538814},
  abstract = {This paper reports on the development and formal verification (proof
of semantic preservation) of CompCert, a compiler from Clight (a
large subset of the C programming language) to PowerPC assembly code,
using the Coq proof assistant both for programming the compiler and
for proving its correctness.  Such a verified compiler is useful in
the context of critical software and its formal verification: the
verification of the compiler guarantees that the safety properties
proved on the source code hold for the executable compiled code as
well.}
}


@inproceedings{conf/itp/FoxM10,
AUTHOR = "Anthony C. J. Fox and Magnus O. Myreen",
TITLE = "A {T}rustworthy {M}onadic {F}ormalization of the {ARM}v7 {I}nstruction {S}et {A}rchitecture.",
booktitle = "ITP'10",
PAGES = {243-258},
YEAR = {2010}  }

@misc{cours_272,
  author = "Christine Paulin-Mohring and Benjamin Werner and Bruno Barras and Hugo Herbelin and Jean-Christophe Filli{\^a}tre and Claude March{\'e}",
  title = {MPRI 2-7-2 french course notes},
  howpublished={\url{http://www.lri.fr/~paulin/MPRI/notes/cours.pdf}},
}

@misc{Coq:manual,
  title =        {The {C}oq proof assistant reference manual},
  author =       {The Coq development team},
  note =         {Version 8.3},
  year =         {2010},
  howpublished={\url{http://coq.inria.fr/doc}},
}

@misc{OCaml,
  key = {Caml},
  title = {The {C}aml language.},
  howpublished={\url{http://caml.inria.fr}},
}

@misc{gcc,
  key = {Gcc},
  title = {the {GNU} {C}ompiler {C}ollection},
  howpublished={\url{http://gcc.gnu.org}},
}

@misc{urlsscert,
  key = {wwwssc},
  title = {{FORMES} {P}roject, {S}im{S}o{C}-{C}ert},
  howpublished={\url{http://formes.asia/cms/software/simsoc-cert}},
}

@misc{arm,
  title =       "Designing a {CPU} model: from a pseudo-formal document
                 to fast code",
  author =      "Fr{\'e}d{\'e}ric Blanqui and Claude Helmstetter and
                 Vania Joloboff and Jean-Fran{\c c}ois Monin and Xiaomu
                 Shi",
  year =        "2010",
  bibsource =   "OAI-PMH server at hal.archives-ouvertes.fr",
  coverage =    "Heraklion; Greece",
  language =    "ENG",
  oai =         "oai:hal.archives-ouvertes.fr:inria-00546228",
  source =      "3rd Workshop on: Rapid Simulation and Performance
                 Evaluation: Methods and Tools",
  subject =     "[INFO:INFO_LO] Computer Science/Logic in Computer
                 Science",
  type =        "proceeding with peer review",
  URL =         "http://hal.archives-ouvertes.fr/inria-00546228/en/",
}

@Book{arm6refman,
  author =       {ARM},
  title =        {ARM {A}rchitecture {R}eference {M}anual {DDI 0100I}},
  publisher =    {ARM Limited},
  year =         2005
}

@Book{sh4refman,
  author =       {SH},
  title =        {{SH}-4 {S}oftware {M}anual, {R}enesas 32-{B}it {RISC}, {R}ev.6.00},
  publisher =    {Renesas Electronics},
  month =        sep,
  year =         2006
}

@InProceedings{peyton-jones-wadler-93,
  author       = "Simon {Peyton Jones} and Philip Wadler",
  title        = "Imperative functional programming",
  booktitle    = "popl",
  year         = "1993",
  month        = jan,
  pages        = "71--84",
  URL          = "http://homepages.inf.ed.ac.uk/wadler/papers/imperative/imperative.ps.gz",
}

@Misc{peyton-jones-tackling-09,
  author       = "Simon {Peyton Jones}",
  title        = "Tackling the {A}wkward {S}quad: monadic input/output,
                 concurrency, exceptions, and foreign-language calls in
                 {Haskell}",
  howpublished = "Online lecture notes",
  month        = apr,
  year         = "2010",
  URL          = "http://research.microsoft.com/en-us/um/people/simonpj/papers/marktoberdorf/mark.pdf",
}

@inproceedings{necula,
 author = {Necula, George C. and McPeak, Scott and Rahul, Shree Prakash and Weimer, Westley},
 title = {{CIL}: {I}ntermediate {L}anguage and {T}ools for {A}nalysis and {T}ransformation of {C P}rograms},
 booktitle = {Proceedings of the 11th International Conference on Compiler Construction},
 series = {CC '02},
 year = {2002},
 isbn = {3-540-43369-4},
 pages = {213--228},
 numpages = {16},
 url = {http://portal.acm.org/citation.cfm?id=647478.727796},
 acmid = {727796},
 publisher = {Springer-Verlag},
 address = {London, UK},
} 
